<?xml version="1.0" encoding="utf-8"?>
<record xmlns="http://www.loc.gov/MARC21/slim" xmlns:xsi="http://www.w3.org/2001/XMLSchema-instance" xsi:schemaLocation="http://www.loc.gov/MARC21/slim http://www.loc.gov/standards/marcxml/schema/MARC21slim.xsd">
	<leader>     nam a22     Mi 4500</leader>
	<controlfield tag="001">b12396345</controlfield>
	<controlfield tag="003">LeBAU</controlfield>
	<controlfield tag="006">m        d        </controlfield>
	<controlfield tag="007">cr cn |||m|||a</controlfield>
	<controlfield tag="008">200121s1953    jo b    os    ||0 0 ara d</controlfield>
	<datafield ind1=" " ind2=" " tag="040">
		<subfield code="a">ZYU</subfield>
		<subfield code="b">ara</subfield>
		<subfield code="e">rda</subfield>
		<subfield code="c">ZYU</subfield>
	</datafield>
	<datafield ind1="0" ind2=" " tag="041">
		<subfield code="a">ara</subfield>
		<subfield code="a">eng</subfield>
	</datafield>
	<datafield ind1="0" ind2="4" tag="082">
		<subfield code="a">315.69</subfield>
		<subfield code="2">20</subfield>
	</datafield>
	<datafield ind1="1" ind2=" " tag="110">
		<subfield code="6">880-01</subfield>
		<subfield code="a">Jordan.</subfield>
		<subfield code="b">Dāʼirat al-Iḥṣāʼāt al-ʻĀmmahh,</subfield>
		<subfield code="e">issuing body.</subfield>
	</datafield>
	<datafield ind1="1" ind2="0" tag="245">
		<subfield code="6">880-02</subfield>
		<subfield code="a">Iḥṣā'āt al-masākin li-'ām 1952 :</subfield>
		<subfield code="b">mashrū' mushtarak bayna al-Mamlakah al-Urdunīyah al-Hāshimīyah wa-khidmāt al-ta'āwun al-fannīyah lil-Wilāyāt al-Muttaḥidah fī al-Urdun : iḥṣāʼāt lil-alwiyah wa-al-aqḍiyah wa-al-nawāḥī wa-al-mudun al-ra'īsīyah /</subfield>
		<subfield code="c">al-Mamlakah al-Urdunīyah al-Hāshimīyah = Census of housing 1952 : a joint project of the Hashemite Kingdom of Jordan and the United States technical cooperation service for Jordan : statistics for districts, subdistricts, nahiyas, and principal towns / The Hashemite Kingdom of Jordan.</subfield>
	</datafield>
	<datafield ind1="3" ind2="1" tag="246">
		<subfield code="a">Census of housing 1952 :</subfield>
		<subfield code="b">a joint project of the Hashemite Kingdom of Jordan and the United States technical cooperation service for Jordan : statistics for districts, subdistricts, nahiyas, and principal towns</subfield>
	</datafield>
	<datafield ind1=" " ind2="1" tag="264">
		<subfield code="6">880-03</subfield>
		<subfield code="a">'Ammān :</subfield>
		<subfield code="b">al-Mamlakah al-Urdunīyah al-Hāshimīyah, Wizārat al-Iqtiṣād,</subfield>
		<subfield code="c">1953.</subfield>
	</datafield>
	<datafield ind1=" " ind2=" " tag="300">
		<subfield code="6">880-04</subfield>
		<subfield code="a">online resource (j-ḥ, 34, 34 pages) :</subfield>
		<subfield code="b">map</subfield>
	</datafield>
	<datafield ind1=" " ind2=" " tag="336">
		<subfield code="a">text</subfield>
		<subfield code="2">rdacontent</subfield>
	</datafield>
	<datafield ind1=" " ind2=" " tag="337">
		<subfield code="a">computer</subfield>
		<subfield code="2">rdamedia</subfield>
	</datafield>
	<datafield ind1=" " ind2=" " tag="338">
		<subfield code="a">online resource</subfield>
		<subfield code="2">rdacarrier</subfield>
	</datafield>
	<datafield ind1=" " ind2=" " tag="500">
		<subfield code="a">جداول.</subfield>
	</datafield>
	<datafield ind1=" " ind2=" " tag="500">
		<subfield code="a">Part of the Arabic Collections Online (ACO) project, contributed by American University of Beirut's Jafet Memorial Library.</subfield>
	</datafield>
	<datafield ind1=" " ind2=" " tag="533">
		<subfield code="a">Electronic reproduction.</subfield>
		<subfield code="b">New York, N.Y. :</subfield>
		<subfield code="c">New York University,</subfield>
		<subfield code="d">2020.</subfield>
		<subfield code="5">NNU</subfield>
	</datafield>
	<datafield ind1=" " ind2=" " tag="546">
		<subfield code="a">النص بالعربية والإنجليزية.</subfield>
	</datafield>
	<datafield ind1=" " ind2="4" tag="650">
		<subfield code="a">المساكن</subfield>
		<subfield code="z">الأردن</subfield>
		<subfield code="x">احصاءات.</subfield>
	</datafield>
	<datafield ind1=" " ind2="0" tag="650">
		<subfield code="a">Housing</subfield>
		<subfield code="z">Jordan</subfield>
		<subfield code="x">Statistics.</subfield>
	</datafield>
	<datafield ind1="2" ind2=" " tag="710">
		<subfield code="a">Jafet Memorial Library.</subfield>
	</datafield>
	<datafield ind1="0" ind2=" " tag="730">
		<subfield code="a">Arabic Collections Online.</subfield>
	</datafield>
	<datafield ind1="0" ind2="8" tag="776">
		<subfield code="i">Print version:</subfield>
		<subfield code="a">Jordan. Dāʼirat al-Iḥṣāʼāt al-ʻĀmmahh, issuing body.</subfield>
		<subfield code="t">Iḥṣā'āt al-masākin li-'ām 1952</subfield>
		<subfield code="w">(LeBAU)b12396345</subfield>
	</datafield>
	<datafield ind1="4" ind2="0" tag="856">
		<subfield code="u">http://hdl.handle.net/2333.1/612jmgdk</subfield>
	</datafield>
	<datafield ind1="1" ind2=" " tag="880">
		<subfield code="6">110-01</subfield>
		<subfield code="a">الأردن.</subfield>
		<subfield code="b">دائرة الاحصاءات العامة،</subfield>
		<subfield code="e">هيئة إصدار.</subfield>
		<subfield code="4">isb.</subfield>
	</datafield>
	<datafield ind1=" " ind2="1" tag="880">
		<subfield code="6">264-03</subfield>
		<subfield code="a">عمان :</subfield>
		<subfield code="b">المملكة الأردنية الهاشمية، وزارة الإقتصاد،</subfield>
		<subfield code="c">1953.</subfield>
	</datafield>
	<datafield ind1="1" ind2="0" tag="880">
		<subfield code="6">245-02</subfield>
		<subfield code="a">احصاءات المساكن لعام 1952 :</subfield>
		<subfield code="b">مشروع مشترك بين المملكة الأردنية الهاشمية وخدمات التعاون الفنية للولايات المتحدة في الأردن : إحصاءات للألوية والأقضية والنواحي والمدن الرئيسية /</subfield>
		<subfield code="c">المملكة الأردنية الهاشمية = Census of housing 1952 : a joint project of the Hashemite Kingdom of Jordan and the United States technical cooperation service for Jordan : statistics for districts, subdistricts, nahiyas, and principal towns / The Hashemite Kingdom of Jordan.</subfield>
	</datafield>
	<datafield ind1=" " ind2=" " tag="880">
		<subfield code="6">300-04</subfield>
		<subfield code="a">ج-ح، 34، 34 :</subfield>
		<subfield code="b">خريطة ؛</subfield>
		<subfield code="c">28 سم</subfield>
	</datafield>
	<datafield ind1=" " ind2=" " tag="959">
		<subfield code="a">NNU</subfield>
		<subfield code="b">WEB</subfield>
		<subfield code="c">GENI</subfield>
		<subfield code="t">0</subfield>
		<subfield code="m">Electronic access</subfield>
		<subfield code="s">01</subfield>
	</datafield>
	<datafield ind1=" " ind2=" " tag="999">
		<subfield code="i">LeBAU_b12396345</subfield>
		<subfield code="s">aub_aco003017</subfield>
		<subfield code="e">(ERROR-880)(ERROR-MISC)</subfield>
		<subfield code="s">aub_aco003017</subfield>
	</datafield>
</record>
